@misc{ISO,
author = {F. Hes},
title = {ISO standaarden project Sensornetwerken 2019-2020},
year = {2019},
month = {Oktober},
}