@misc{EffectenKoolmonoxide,
author = {MariÃ«t Ticheler},
title = {Koolmonoxide},
year = {2008},
organization = {RIVM},
month = {Februari},
howpublished = {\url{https://www.leefmilieu.nl/sites/www3.leefmilieu.nl/files/imported/pdf\_s/MGM\_2008-02\_koolmonoxide.pdf}},
note = {[Online; Bekeken in september 2019]}
}

@misc{RIVMhuurwoningen,
author = {M. van Bruggen and J.T.M. Gram and E.L. Boels and L. Ruhaak and M. Mooij},
title = {Koolmonoxide in huurwoningen in de Randstad},
year = {2008 [Bekeken in september 2019]},
organization = {RIVM},
date = {2009},
month = {Februari},
howpublished = {\url{https://www.rivm.nl/bibliotheek/rapporten/609300009.pdf}},
note = {[Online; Bekeken in september 2019]}
}

@misc{BlootstellingaanCO,
author = {M. Mooij},
title = {Chronische blootstelling aan koolmonoxide, tabel 2.2},
year = {2008 [Bekeken in september 2019]},
organization = {RIVM},
date = {2009 [Bekeken in september 2019]},
month = {Februari},
howpublished = {\url{https://www.rivm.nl/bibliotheek/rapporten/609300005.pdf}},
note = {[Online; Bekeken in september 2019]}
}
@misc{NO2_Amsterdam,
author = {J.p. Wesseling and S. van der Zee and P.L. Nguyen},
title = {Gemeten en berekende NO2-concentraties in Amsterdam in 2008},
institution = {RIVM},
year = {2008},
howpublished = {\url{https://www.rivm.nl/bibliotheek/rapporten/680705015.pdf}},
note = {[Online; Bekeken in september 2019]}
}

@misc{grafiek,
title = {Meetgegevens NO2},
institution = {RIVM},
year = {2019},
howpublished = {\url{https://www.luchtmeetnet.nl}},
note = {[Online; Bekeken in september 2019]}
}
@misc{B4DF,
title = {Datasheet},
institution = {Alphasense},
year = {2018},
howpublished = {\url{http://www.alphasense.com/WEB1213/wp-content/uploads/2018/12/NO2B43F.pdf}},
note = {[Online; Bekeken in september 2019]}
}

@Book{xmega,
ALTauthor = {W. Dolman},
title = {De taal C en de Xmega (2e druk)},
publisher = {Free Musketeers uitgeverij en productie},
year = {2016},
note = {ISBN: 978-90-484-3527-2}
}

@misc{ISO,
author = {F. Hes},
title = {ISO standaarden project Sensornetwerken 2019-2020},
year = {2019},
month = {Oktober},
}
